{
  "leader": "02681cam a2200445 i 4500",
  "fields": [
    {
      "001": "ocm02995742\\"
    },
    {
      "003": "OCoLC"
    },
    {
      "005": "20221212125030.0"
    },
    {
      "008": "770131s1977\\\\\\\\nyuaf\\\\\\\\bc\\\\\\000\\0\\eng\\\\"
    },
    {
      "010": {
        "ind1": "\\",
        "ind2": "\\",
        "subfields": [
          {
            "a": "   76024753 "
          }
        ]
      }
    },
    {
      "040": {
        "ind1": "\\",
        "ind2": "\\",
        "subfields": [
          {
            "a": "DLC"
          },
          {
            "b": "eng"
          },
          {
            "c": "DLC"
          },
          {
            "d": "MUQ"
          },
          {
            "d": "NLGGC"
          },
          {
            "d": "AU@"
          },
          {
            "d": "NLE"
          },
          {
            "d": "UKTTE"
          },
          {
            "d": "UKV3G"
          },
          {
            "d": "GBVCP"
          },
          {
            "d": "OCLCF"
          },
          {
            "d": "OCLCQ"
          },
          {
            "d": "OCLCA"
          },
          {
            "d": "EUX"
          },
          {
            "d": "OCLCQ"
          },
          {
            "d": "CEF"
          },
          {
            "d": "TKN"
          },
          {
            "d": "CSA"
          },
          {
            "d": "KFH"
          },
          {
            "d": "FQG"
          },
          {
            "d": "OCLCQ"
          },
          {
            "d": "CPO"
          },
          {
            "d": "GDC"
          },
          {
            "d": "OCLCQ"
          },
          {
            "d": "OCLCO"
          },
          {
            "d": "CBA"
          },
          {
            "d": "EUM"
          },
          {
            "d": "XQM"
          },
          {
            "d": "COM"
          },
          {
            "d": "OCLCO"
          }
        ]
      }
    },
    {
      "016": {
        "ind1": "7",
        "ind2": "\\",
        "subfields": [
          {
            "a": "082-40992"
          },
          {
            "2": "Uk"
          }
        ]
      }
    },
    {
      "019": {
        "ind1": "\\",
        "ind2": "\\",
        "subfields": [
          {
            "a": "59853146"
          },
          {
            "a": "813599325"
          },
          {
            "a": "874143273"
          },
          {
            "a": "957637599"
          },
          {
            "a": "1008403447"
          },
          {
            "a": "1053995023"
          },
          {
            "a": "1056828485"
          },
          {
            "a": "1088321891"
          },
          {
            "a": "1089009865"
          },
          {
            "a": "1089979209"
          },
          {
            "a": "1090489039"
          },
          {
            "a": "1096536646"
          },
          {
            "a": "1099323438"
          },
          {
            "a": "1100032850"
          },
          {
            "a": "1101021745"
          },
          {
            "a": "1164058973"
          },
          {
            "a": "1165348456"
          },
          {
            "a": "1171447057"
          },
          {
            "a": "1183915812"
          },
          {
            "a": "1193487502"
          },
          {
            "a": "1201580194"
          },
          {
            "a": "1201609436"
          },
          {
            "a": "1201889678"
          },
          {
            "a": "1201905863"
          },
          {
            "a": "1277105697"
          },
          {
            "a": "1292667133"
          }
        ]
      }
    },
    {
      "020": {
        "ind1": "\\",
        "ind2": "\\",
        "subfields": [
          {
            "a": "0824099249"
          }
        ]
      }
    },
    {
      "020": {
        "ind1": "\\",
        "ind2": "\\",
        "subfields": [
          {
            "a": "9780824099244"
          }
        ]
      }
    },
    {
      "035": {
        "ind1": "\\",
        "ind2": "\\",
        "subfields": [
          {
            "a": "(OCoLC)2995742"
          },
          {
            "z": "(OCoLC)59853146"
          },
          {
            "z": "(OCoLC)813599325"
          },
          {
            "z": "(OCoLC)874143273"
          },
          {
            "z": "(OCoLC)957637599"
          },
          {
            "z": "(OCoLC)1008403447"
          },
          {
            "z": "(OCoLC)1053995023"
          },
          {
            "z": "(OCoLC)1056828485"
          },
          {
            "z": "(OCoLC)1088321891"
          },
          {
            "z": "(OCoLC)1089009865"
          },
          {
            "z": "(OCoLC)1089979209"
          },
          {
            "z": "(OCoLC)1090489039"
          },
          {
            "z": "(OCoLC)1096536646"
          },
          {
            "z": "(OCoLC)1099323438"
          },
          {
            "z": "(OCoLC)1100032850"
          },
          {
            "z": "(OCoLC)1101021745"
          },
          {
            "z": "(OCoLC)1164058973"
          },
          {
            "z": "(OCoLC)1165348456"
          },
          {
            "z": "(OCoLC)1171447057"
          },
          {
            "z": "(OCoLC)1183915812"
          },
          {
            "z": "(OCoLC)1193487502"
          },
          {
            "z": "(OCoLC)1201580194"
          },
          {
            "z": "(OCoLC)1201609436"
          },
          {
            "z": "(OCoLC)1201889678"
          },
          {
            "z": "(OCoLC)1201905863"
          },
          {
            "z": "(OCoLC)1277105697"
          },
          {
            "z": "(OCoLC)1292667133"
          }
        ]
      }
    },
    {
      "050": {
        "ind1": "0",
        "ind2": "0",
        "subfields": [
          {
            "a": "NB237.S567"
          },
          {
            "b": "A4 1977"
          }
        ]
      }
    },
    {
      "080": {
        "ind1": "\\",
        "ind2": "\\",
        "subfields": [
          {
            "a": "73(73)-19-"
          }
        ]
      }
    },
    {
      "082": {
        "ind1": "0",
        "ind2": "0",
        "subfields": [
          {
            "a": "730.924"
          },
          {
            "b": "KRA"
          }
        ]
      }
    },
    {
      "088": {
        "ind1": "\\",
        "ind2": "\\",
        "subfields": [
          {
            "a": "76024753"
          }
        ]
      }
    },
    {
      "100": {
        "ind1": "1",
        "ind2": "\\",
        "subfields": [
          {
            "a": "Krauss, Rosalind E."
          }
        ]
      }
    },
    {
      "245": {
        "ind1": "1",
        "ind2": "4",
        "subfields": [
          {
            "a": "The sculpture of David Smith :"
          },
          {
            "b": "a catalogue raisonne\u0301 /"
          },
          {
            "c": "Rosalind E. Krauss."
          }
        ]
      }
    },
    {
      "260": {
        "ind1": "\\",
        "ind2": "\\",
        "subfields": [
          {
            "a": "New York :"
          },
          {
            "b": "Garland Pub.,"
          },
          {
            "c": "1977."
          }
        ]
      }
    },
    {
      "300": {
        "ind1": "\\",
        "ind2": "\\",
        "subfields": [
          {
            "a": "ix, 158 pages, [197] leaves of plates :"
          },
          {
            "b": "illustrations ;"
          },
          {
            "c": "23 cm."
          }
        ]
      }
    },
    {
      "336": {
        "ind1": "\\",
        "ind2": "\\",
        "subfields": [
          {
            "a": "text"
          },
          {
            "b": "txt"
          },
          {
            "2": "rdacontent"
          }
        ]
      }
    },
    {
      "337": {
        "ind1": "\\",
        "ind2": "\\",
        "subfields": [
          {
            "a": "unmediated"
          },
          {
            "b": "n"
          },
          {
            "2": "rdamedia"
          }
        ]
      }
    },
    {
      "338": {
        "ind1": "\\",
        "ind2": "\\",
        "subfields": [
          {
            "a": "volume"
          },
          {
            "b": "nc"
          },
          {
            "2": "rdacarrier"
          }
        ]
      }
    },
    {
      "490": {
        "ind1": "1",
        "ind2": "\\",
        "subfields": [
          {
            "a": "Garland reference library of the humanities ;"
          },
          {
            "v": "v. 73"
          }
        ]
      }
    },
    {
      "504": {
        "ind1": "\\",
        "ind2": "\\",
        "subfields": [
          {
            "a": "Includes bibliographical references (pages 150-158)."
          }
        ]
      }
    },
    {
      "505": {
        "ind1": "0",
        "ind2": "\\",
        "subfields": [
          {
            "a": "Sculpture -- Jewelry -- Miscellaneous -- Posthumous works -- Appendices. Drawings -- Documents -- List of exhibitions -- Annotated bibliography of Smith's statements, lectures, essays -- Illustrations."
          }
        ]
      }
    },
    {
      "600": {
        "ind1": "1",
        "ind2": "0",
        "subfields": [
          {
            "a": "Smith, David,"
          },
          {
            "d": "1906-1965."
          }
        ]
      }
    },
    {
      "600": {
        "ind1": "1",
        "ind2": "7",
        "subfields": [
          {
            "a": "Smith, David,"
          },
          {
            "d": "1906-1965."
          },
          {
            "2": "fast"
          },
          {
            "0": "(OCoLC)fst00037264"
          }
        ]
      }
    },
    {
      "655": {
        "ind1": "\\",
        "ind2": "2",
        "subfields": [
          {
            "a": "Catalog"
          }
        ]
      }
    },
    {
      "655": {
        "ind1": "\\",
        "ind2": "7",
        "subfields": [
          {
            "a": "Catalogs."
          },
          {
            "2": "fast"
          },
          {
            "0": "(OCoLC)fst01423692"
          }
        ]
      }
    },
    {
      "655": {
        "ind1": "\\",
        "ind2": "7",
        "subfields": [
          {
            "a": "Catalogs."
          },
          {
            "2": "lcgft"
          }
        ]
      }
    },
    {
      "776": {
        "ind1": "0",
        "ind2": "8",
        "subfields": [
          {
            "i": "Online version:"
          },
          {
            "a": "Krauss, Rosalind E."
          },
          {
            "t": "Sculpture of David Smith."
          },
          {
            "d": "New York : Garland Pub., 1977"
          },
          {
            "w": "(OCoLC)646095653"
          }
        ]
      }
    },
    {
      "830": {
        "ind1": "\\",
        "ind2": "0",
        "subfields": [
          {
            "a": "Garland reference library of the humanities ;"
          },
          {
            "v": "v. 73."
          }
        ]
      }
    },
    {
      "994": {
        "ind1": "\\",
        "ind2": "\\",
        "subfields": [
          {
            "a": "Z0"
          },
          {
            "b": "NYRVC"
          }
        ]
      }
    },
    {
      "948": {
        "ind1": "\\",
        "ind2": "\\",
        "subfields": [
          {
            "h": "NO HOLDINGS IN NYRVC - 410 OTHER HOLDINGS"
          }
        ]
      }
    },
    {
      "999": {
        "ind1": "\\",
        "ind2": "\\",
        "subfields": [
          {
            "a": "00000000010670"
          }
        ]
      }
    }
  ]
}